@book{stull2011meteorology,
  title     = {{Meteorology for Scientists and Engineers: A Technical Companion Book to Cupp and Stull's Introductory Meteorology Textbooks}},
  author    = {Stull, Roland B.},
  year      = {2011},
  publisher = {University of British Columbia},
  edition   = {3rd},
  address   = {Vancouver, Canada},
}

@report{iea2023world,
  title = {{World Energy Outlook 2023}},
  author = {{International Energy Agency}},
  year = {2023},
  institution = {International Energy Agency},
  address = {Paris, France},
}

@report{bp2023statistical,
  title = {{Statistical Review of World Energy 2023}},
  author = {{BP plc}},
  year = {2023},
  institution = {BP plc},
  address = {London, UK},
}

@report{ipcc2022mitigation,
  title = {{Climate Change 2022: Mitigation of Climate Change. Contribution of Working Group III to the Sixth Assessment Report of the Intergovernmental Panel on Climate Change}},
  author = {{IPCC}},
  year = {2022},
  institution = {Intergovernmental Panel on Climate Change},
  publisher = {Cambridge University Press},
  address = {Cambridge, UK and New York, NY, USA},
}

@report{who2021ambient,
  title = {{Ambient (outdoor) air pollution}},
  author = {{World Health Organization}},
  year = {2021},
  institution = {World Health Organization},
  address = {Geneva, Switzerland},
}

@misc{unfccc2015paris,
  title = {{Paris Agreement}},
  author = {{United Nations Framework Convention on Climate Change}},
  year = {2015},
  institution = {United Nations},
  address = {New York, NY, USA},
}

@report{irena2023renewable,
  title = {{Renewable Power Generation Costs in 2022}},
  author = {{International Renewable Energy Agency}},
  year = {2023},
  institution = {International Renewable Energy Agency},
  address = {Abu Dhabi, UAE},
}

@report{iea2023offshore,
  title = {Offshore Wind Outlook 2023},
  author = {{International Energy Agency}},
  year = {2023},
  institution = {International Energy Agency},
  address = {Paris, France},
}

@report{bloomberg2023bnef,
  title = {{Battery Pack Prices Cited Below \$140/kWh for the First Time in 2023, While Market Average Sits at \$139/kWh}},
  author = {{BloombergNEF}},
  year = {2023},
  institution = {Bloomberg New Energy Finance},
  address = {New York, NY, USA},
}

@report{mckinsey2023digital,
  title = {{The Digital-Led Recovery: How Technology Is Driving Growth}},
  author = {{McKinsey \& Company}},
  year = {2023},
  institution = {McKinsey Global Institute},
  address = {New York, NY, USA},
}

@report{statista2023iot,
  title = {{Internet of Things (IoT) and non-IoT active device connections worldwide from 2010 to 2025}},
  author = {{Statista}},
  year = {2023},
  institution = {Statista GmbH},
  address = {Hamburg, Germany},
}

@report{iea2022datacenter,
  title = {{Data Centres and Data Transmission Networks}},
  author = {{International Energy Agency}},
  year = {2022},
  institution = {International Energy Agency},
  address = {Paris, France},
}

@report{cisco2023iot,
  title = {{Cisco Annual Internet Report (2018-2023) White Paper}},
  author = {{Cisco Systems}},
  year = {2023},
  institution = {Cisco Systems, Inc.},
  address = {San Jose, CA, USA},
}

@article{zhang2022iot,
  title = {{IoT in smart grids: Architecture, applications, and challenges}},
  author = {Zhang, Kai and Ni, Jianbing and Yang, Kun and Liang, Xiaohui and Ren, Ju and Shen, Xuemin},
  journal = {IEEE Internet of Things Journal},
  volume = {9},
  number = {10},
  pages = {7876--7898},
  year = {2022},
  publisher = {IEEE},
}

@article{li2023ai,
  title = {{Artificial intelligence applications in power systems: A comprehensive review}},
  author = {Li, Yang and Wang, Zhao and Chen, Xiaoming and Liu, Hao and Zhang, Wei},
  journal = {Renewable and Sustainable Energy Reviews},
  volume = {173},
  pages = {113075},
  year = {2023},
  publisher = {Elsevier},
}

@book{ashrae2020cooling,
  title = {{ASHRAE Handbook—HVAC Systems and Equipment}},
  author = {{ASHRAE}},
  year = {2020},
  publisher = {American Society of Heating, Refrigerating and Air-Conditioning Engineers},
  address = {Atlanta, GA, USA},
  isbn = {978-1-947192-68-1},
}

@article{wang2023smart,
  title = {{Smart cooling towers for energy efficiency in data centers: A review}},
  author = {Wang, Xiaoming and Chen, Li and Liu, Gang and Zhang, Hui and Ma, Yongqiang},
  journal = {Applied Energy},
  volume = {331},
  pages = {120456},
  year = {2023},
  publisher = {Elsevier},
}

@inproceedings{nguyen2022iot,
  title = {{IoT-based monitoring system for cooling towers in industrial applications}},
  author = {Nguyen, Minh and Tran, Duc and Le, Van and Pham, Hoa},
  booktitle = {{2022 IEEE International Conference on Industrial Internet of Things (IIoT)}},
  pages = {245--251},
  year = {2022},
  organization = {IEEE},
  address = {Ho Chi Minh City, Vietnam},
}

@report{vietnam2021energy,
  title = {{Vietnam Energy Outlook Report 2021}},
  author = {{Institute of Energy, Vietnam}},
  year = {2021},
  institution = {Institute of Energy under Vietnam Academy of Science and Technology},
  address = {Hanoi, Vietnam},
}

@report{google2023datacenter,
  title = {{Google Data Centers in Asia Pacific: Infrastructure Investment Report}},
  author = {{Google Cloud}},
  year = {2023},
  institution = {Google LLC},
  address = {Mountain View, CA, USA},
}

@report{microsoft2023azure,
  title = {{Microsoft Azure Infrastructure Expansion in Southeast Asia}},
  author = {{Microsoft Corporation}},
  year = {2023},
  institution = {Microsoft Corporation},
  address = {Redmond, WA, USA},
}

@report{iea2023digitalization,
  title = {{Digitalization and Energy 2023}},
  author = {{International Energy Agency}},
  year = {2023},
  institution = {International Energy Agency},
  address = {Paris, France},
}

@article{chen2023nanofluids,
  title = {{Enhanced heat transfer performance of nanofluids in cooling applications: A comprehensive review}},
  author = {Chen, Wei and Liu, Xiaofeng and Wang, Yongping and Zhang, Hao},
  journal = {Applied Thermal Engineering},
  volume = {220},
  pages = {119742},
  year = {2023},
  publisher = {Elsevier},
}

@article{kumar2023edge,
  title = {{Edge computing for IoT-based industrial monitoring: Challenges and opportunities}},
  author = {Kumar, Suresh and Patel, Raj and Singh, Arun and Mehta, Priya},
  journal = {IEEE Internet of Things Journal},
  volume = {10},
  number = {8},
  pages = {6854--6869},
  year = {2023},
  publisher = {IEEE},
}

@report{vietnam2023digital,
  title = {{National Digital Transformation Strategy to 2030}},
  author = {{Government of Vietnam}},
  year = {2023},
  institution = {Ministry of Information and Communications},
  address = {Hanoi, Vietnam},
}

@article{pham2023adaptive,
  title = {{Adaptive cooling systems using smart materials: A paradigm shift in thermal management}},
  author = {Pham, Duc and Nguyen, Thang and Le, Minh and Tran, Hoa},
  journal = {Energy Conversion and Management},
  volume = {285},
  pages = {116995},
  year = {2023},
  publisher = {Elsevier},
}

@report{deloitte2023esg,
  title = {{ESG and Sustainability in ASEAN: Market Trends and Investment Opportunities}},
  author = {{Deloitte Southeast Asia}},
  year = {2023},
  institution = {Deloitte Consulting},
  address = {Singapore},
}

@article{zhao2023digital,
  title        = {{Digital twin technology for cooling tower optimization: Implementation and validation}},
  author       = {Zhao, Lin and Wu, Gang and Chen, Mei and Li, Jun},
  journal      = {Applied Energy},
  volume       = {342},
  pages        = {121201},
  year         = {2023},
  publisher    = {Elsevier},
}

@report{mordor2023iot,
  title = {{IoT in Energy Market - Growth, Trends, and Forecasts (2023-2028)}},
  author = {{Mordor Intelligence}},
  year = {2023},
  institution = {Mordor Intelligence LLP},
  address = {Hyderabad, India},
}

@article{wang2023blockchain,
  title        = {{Blockchain technology for peer-to-peer energy trading: A comprehensive survey}},
  author       = {Wang, Xiaoli and Chen, Yifei and Liu, Dongmei and Zhang, Kai},
  journal      = {Renewable and Sustainable Energy Reviews},
  volume       = {178},
  pages        = {113235},
  year         = {2023},
  publisher    = {Elsevier},
}

@techreport{Benedettini2019EnergyDigital,
  author       = {Simona Benedettini and others},
  title        = {{Assessment and roadmap for the digital transformation of the energy sector towards an innovative internal energy market}},
  institution  = {European Commission},
  type         = {Final Report},
  month        = oct,
  year         = {2019},
}

@book{cti_cooling_towers_2011,
  title        = {{Cooling Towers: Fundamentals and Practice}},
  author       = {Cooling Technology Institute},
  year         = {2011},
  publisher    = {CTI Press},
  address      = {Houston, TX},
  isbn         = {978-0971907331},
  pages        = {450}
}

@article{patterson_natural_draft_cooling_2013,
  title        = {{Design and Performance of Natural Draft Cooling Towers}},
  author       = {Patterson, D.A. and Stricker, E.},
  journal      = {Journal of Thermal Engineering},
  year         = {2013},
  volume       = {59},
  number       = {4},
  pages        = {255–268},
}

@article{johnson_mechanical_draft_2016,
  title        = {{Mechanical Draft Cooling Towers: Operation and Optimization}},
  author       = {Johnson, R.T.},
  journal      = {Power Plant Engineering Review},
  year         = {2016},
  volume       = {48},
  number       = {7},
  pages        = {42–51},
}

@book{marriott_practical_thermal_2009,
  title        = {{Practical Thermal Design and Optimization}},
  author       = {Marriott, L.},
  year         = {2009},
  publisher    = {McGraw-Hill Professional},
  address      = {New York, NY},
  isbn         = {978-0071482578},
  pages        = {624}
}

@article{ahlborn_energy_saving_2014,
  title        = {{Energy Savings Potential of Evaporative Cooling Systems}},
  author       = {Ahlborn, K. and Reuter, M.},
  journal      = {Energy Efficiency Journal},
  year         = {2014},
  volume       = {3},
  number       = {3},
  pages        = {381–394},
}

@report{epa_cooling_tower_guide_2017,
  title        = {{Cooling Tower Fundamentals and Best Practices}},
  author       = {{U.S. Environmental Protection Agency}},
  year         = {2017},
  institution  = {EPA Office of Air and Radiation},
  address      = {Washington, DC},
  number       = {EPA-430-B-17-002},
  pages        = {78},
  month        = mar
}

@manual{unep2006coolingtower_en,
  title        = {{Energy Equipment Module: Cooling Towers}},
  author       = {{United Nations Environment Programme}},
  year         = {2006},
  organization = {United Nations Environment Programme (UNEP)},
  address      = {Bangkok, Thailand},
  note         = {Technical Guide Series},
  pages        = {86},
  number       = {UNEP/ROAP/CP.6/11}
}

@misc{inpart24_dry_cooler,
  title        = {{Dry cooler – definition, structure, configurations, applications – Complete guide}},
  author       = {{Inpart24}},
  year         = {2023},
  institution  = {Inpart24 GmbH},
  address      = {Berlin, Germany},
  note         = {Technical Guide}
}

@manual{datasheet_DS18B20,
  title        = {{DS18B20 Programmable Resolution 1-Wire Digital Thermometer Datasheet}},
  author       = {{Maxim Integrated}},
  year         = {2015},
  organization = {Maxim Integrated Products, Inc.},
  address      = {San Jose, CA, USA},
}

@manual{datasheet_DHT22,
  title        = {{AM2302/DHT22 Digital-output Relative Humidity \& Temperature Sensor Datasheet}},
  author       = {{Aosong Electronics Co., Ltd.}},
  year         = {2018},
  organization = {Aosong Electronics Co., Ltd.},
  address      = {Guangzhou, China},
}

@manual{Espressif_ESP32_technical_reference,
  title        = {{ESP32 Series Datasheet}},
  author       = {{Espressif Systems}},
  year         = {2023},
  organization = {Espressif Systems (Shanghai) Co., Ltd.},
  address      = {Shanghai, China},
}

@manual{datasheet_YFS201,
  title        = {{YF-S201 Hall Effect Water Flow Sensor Datasheet}},
  author       = {{Chengdu Haoran Electronic}},
  year         = {2014},
  organization = {Chengdu Haoran Electronic Co., Ltd.},
  address      = {Chengdu, China}
}

@manual{microchip_atmega328p,
  title        = {{ATmega328P - 8-bit AVR Microcontroller with 32K Bytes In-System Programmable Flash}},
  author       = {{Microchip Technology Inc.}},
  year         = {2018},
  month        = {2},
  note         = {Datasheet, Rev. 7810D},
}

@manual{raspberrypi4_specs,
  title        = {{Raspberry Pi 4 Model B Specifications}},
  author       = {{Raspberry Pi Ltd.}},
  year         = {2023},
  organization = {Raspberry Pi Foundation},
  address      = {Cambridge, UK},
  note         = {Hardware Reference Manual v1.5}
}

@manual{sensirion_sht3x_dis,
  title        = {{Datasheet SHT3x-DIS Digital Humidity and Temperature Sensor}},
  author       = {{Sensirion AG}},
  year         = {2021},
  month        = {1},
  note         = {Document version 6.0},
}

@techreport{epa_watersense_cooling_towers_2012,
  title        = {{Water Efficiency Management Guide: Cooling Towers}},
  author       = {{U.S. Environmental Protection Agency}},
  year         = {2012},
  institution  = {EPA WaterSense Program},
  address      = {Washington, DC},
  number       = {EPA-832-F-12-016},
  pages        = {35},
  month        = nov
}

@book{JCGM100:2008,
  title        = {{Evaluation of measurement data -- Guide to the expression of uncertainty in measurement}},
  author       = {{Joint Committee for Guides in Metrology (JCGM)}},
  year         = {2008},
  publisher    = {BIPM},
  address      = {Sèvres, France},
  isbn         = {978-92-822-2213-3},
  pages        = {134},
  edition      = {1st}
}

@article{deane2014pumped,
  title        = {{Pumped hydro energy storage: A review of the technology and its applications}},
  author       = {Deane, J.P. and Ó Gallachóir, B.P. and McKeogh, E.J.},
  journal      = {Renewable and Sustainable Energy Reviews},
  year         = {2014},
  volume       = {31},
  pages        = {196--210},
  publisher    = {Elsevier},
}

@article{chen2013compressed,
  title        = {{Compressed air energy storage: A comprehensive review of technologies and applications}},
  author       = {Chen, Haisheng and Zhang, Xing and Liu, Jinbao and Tan, Chunqing},
  journal      = {Applied Energy},
  year         = {2013},
  volume       = {103},
  pages        = {572--582},
  publisher    = {Elsevier},
}

@report{iea2023energy_storage,
  title        = {{Energy Storage Tracking Report 2023}},
  author       = {{International Energy Agency}},
  year         = {2023},
  institution  = {International Energy Agency},
  address      = {Paris, France},
}

@article{parag2016prosumer,
  title        = {{Prosumer-centric approach to energy systems: A review of benefits and challenges}},
  author       = {Parag, Yael and Sovacool, Benjamin K.},
  journal      = {Energy Research \& Social Science},
  year         = {2016},
  volume       = {18},
  pages        = {35--54},
  publisher    = {Elsevier},
}

@report{irena2023decentralized,
  title        = {{Decentralized Renewable Energy Solutions: Accelerating the Energy Transition}},
  author       = {{International Renewable Energy Agency}},
  year         = {2023},
  institution  = {International Renewable Energy Agency},
  address      = {Abu Dhabi, UAE},
}

@article{zhang2022distributed,
  title        = {{Distributed energy systems: A comprehensive review of technologies and applications}},
  author       = {Zhang, Wei and Li, Ming and Wang, Jianhui and Chen, Xiaoming},
  journal      = {Applied Energy},
  year         = {2022},
  volume       = {308},
  pages        = {118363},
  publisher    = {Elsevier},
}

@book{boyer2009scada,
  title        = {{SCADA: Supervisory Control and Data Acquisition}},
  author       = {Boyer, Stuart A.},
  year         = {2009},
  publisher    = {International Society of Automation},
  address      = {Research Triangle Park, NC, USA},
  edition      = {4th},
  isbn         = {978-1-936007-09-7},
  pages        = {432}
}

@article{lee2020industry4,
  title        = {{Industry 4.0 and IoT integration in industrial automation: Challenges and opportunities}},
  author       = {Lee, Jaeho and Kim, Seungwoo and Park, Hyunwoo and Choi, Minhyuk},
  journal      = {IEEE Transactions on Industrial Informatics},
  year         = {2020},
  volume       = {16},
  number       = {11},
  pages        = {7233--7243},
  publisher    = {IEEE},
}

@report{iea2022smartgrid,
  title = {{Smart Grids Technology Roadmap}},
  author = {{International Energy Agency}},
  year = {2022},
  institution = {International Energy Agency},
  address = {Paris, France},
}

@report{iea2022building,
  title = {{Buildings Energy Efficiency 2022}},
  author = {{International Energy Agency}},
  year = {2022},
  institution = {International Energy Agency},
  address = {Paris, France},
}

@report{statista2023smartbuilding,
  title = {{Smart Building Market Size and Growth Trends 2023}},
  author = {{Statista}},
  year = {2023},
  institution = {Statista GmbH},
  address = {Hamburg, Germany},
}

@report{ashrae2020powerquality,
  title = {{Power Quality in Commercial Buildings}},
  author = {{ASHRAE}},
  year = {2020},
  institution = {American Society of Heating, Refrigerating and Air-Conditioning Engineers},
  address = {Atlanta, GA, USA},
}

@report{mckinsey2019iot,
  title = {{The Internet of Things: Mapping the Value Beyond the Hype}},
  author = {{McKinsey \& Company}},
  year = {2019},
  institution = {McKinsey Global Institute},
  address = {New York, NY, USA},
}

@article{zscore_iqr_stat,
  title = {{Z-score and IQR: A Comprehensive Guide}},
  author = {Z-score and IQR},
  journal = {Statistical Methods},
  year = {2023},
  publisher = {Statistical Methods},
}

@book{box_jenkins_arima,
  author    = {George E. P. Box and Gwilym M. Jenkins and Gregory C. Reinsel and Greta M. Ljung},
  title     = {Time Series Analysis: Forecasting and Control},
  edition   = {5th},
  year      = {2015},
  publisher = {Wiley},
  address   = {Hoboken, NJ},
  isbn      = {978-1118675021}
}